%% This BibTeX bibliography file was created using BibDesk.
%% http://bibdesk.sourceforge.net/


%% Created for Lars Moland Eliassen at 2011-11-15 14:27:23 +0100 


%% Saved with string encoding Unicode (UTF-8) 



@article{kalman,
	Author = {R.E. Kalman and R.S. Bucy},
	Date-Added = {2011-11-14 10:44:20 +0000},
	Date-Modified = {2011-11-14 10:46:00 +0000},
	Journal = {Journal of Basic Engineering},
	Number = {1},
	Pages = {35-45},
	Title = {A new approach to linear filtering and prediction problems},
	Volume = {82},
	Year = {1960}}

@inproceedings{maclean,
	Author = {Maclean, S.D. and Dailey, D.J.},
	Booktitle = {Intelligent Transportation Systems, 2001. Proceedings. 2001 IEEE},
	Pages = {988 -993},
	Title = {Real-time bus information on mobile devices},
	Year = {2001}}

@article{mybus,
	Author = {S.D. Maclean and D.J. Dailey},
	Date-Added = {2011-11-14 10:36:21 +0000},
	Date-Modified = {2011-11-14 10:37:30 +0000},
	Journal = {Proceedings of the Seventh Annual World Congress on Intelligent Transport Systems},
	Month = {November},
	Title = {MyBus: An Advanced Public Transportation System Based on the US TCIP Standard},
	Year = {2000}}

@article{szc,
	Author = {Robert J. Szczerba and Peggy Galkowski and Ira S. Glickstein and Noah Ternullo},
	Date-Added = {2011-11-14 10:09:59 +0000},
	Date-Modified = {2011-11-14 10:16:41 +0000},
	Journal = {IEEE Transactions on Aerospace and Electronic Systems},
	Month = {July},
	Number = {3},
	Title = {Robust Algorithm for Real-Time Route Planning},
	Volume = {36},
	Year = {2000}}

@inbook{tsp,
	Author = {David L. Applegate},
	Date-Added = {2011-11-14 10:07:21 +0000},
	Date-Modified = {2011-11-14 10:09:54 +0000},
	Pages = {1},
	Publisher = {Princeton University Press},
	Title = {The Traveling Salesman Problem: a Computational Study},
	Year = {2006}}

@mastersthesis{mag,
	Author = {Magnus Raaum},
	Date-Added = {2011-10-26 12:40:19 +0000},
	Date-Modified = {2011-10-26 13:31:19 +0000},
	School = {NTNU},
	Title = {An Intelligent Smartphone Application},
	Year = {2010}}
	
	@mastersthesis{multibris,
	Author = {Trond B\o e Engell and Runar Andersstuen},
	School = {NTNU},
	Title = {MultiBRIS: -A Multiple-platform approach to the Ultimate Bus Route Information System for Mobile Devices},
	Month = {December},
	Year = {2011}}

@article{aam,
	Author = {A. Aamodt and E. Plaza},
	Journal = {AICom - Artificial Intelligence Communications},
	Publisher = {IOS},
	Title = {Case-Based Reasoning: Foundational Issues, Methodological Variations, and System Approaches},
	Volume = {7},
	Year = {1994}}

@article{astar,
	Acmid = {1056779},
	Address = {New York, NY, USA},
	Author = {Hart, Peter E. and Nilsson, Nils J. and Raphael, Bertram},
	Date-Modified = {2011-11-14 10:30:55 +0000},
	Doi = {http://doi.acm.org/10.1145/1056777.1056779},
	Issn = {0163-5719},
	Issue = {37},
	Journal = {SIGART Bull.},
	Month = {December},
	Numpages = {2},
	Pages = {28--29},
	Publisher = {ACM},
	Title = {Correction to "A Formal Basis for the Heuristic Determination of Minimum Cost Paths"},
	Url = {http://doi.acm.org/10.1145/1056777.1056779},
	Year = {1972},
	Bdsk-Url-1 = {http://doi.acm.org/10.1145/1056777.1056779}}
	
	
@article{mchallenges,
    address = {Los Alamitos, CA, USA},
    author = {Forman, George H. and Zahorjan, John},
    issn = {0018-9162},
    journal = {Computer},
    month = apr,
    number = {4},
    pages = {38--47},
    posted-at = {2009-09-21 22:16:41},
    priority = {2},
    publisher = {IEEE Computer Society},
    title = {The Challenges of Mobile Computing},
    volume = {27},
    year = {1994}
}
@article{guikisses,
address = {Miami Beach, Florida, USA},
author = {Quarantillo, John A.},
title = {GUI KISSes: Tips and Strategies for Interface Design},
month = {April},
year = {1999},
journal = {SUGI},
volume = {24}
}
@INPROCEEDINGS{Raux03let'sgo:,
    author = {Antoine Raux and Brian Langner and Alan W Black and Maxine Eskenazi},
    title = {LET'S GO: Improving Spoken Dialog Systems for the Elderly and Non-natives},
    booktitle = {in Eurospeech03},
    year = {2003}
}

@MISC{Turunen_mobilespeech-based,
    author = {Markku Turunen and Topi Hurtig and Jaakko Hakulinen and Ari Virtanen and Sami Koskinen},
    title = {Mobile Speech-based and Multimodal Public Transport Information Services},
    year = {2006}
}

@INPROCEEDINGS{Turunen06evaluationof,
    author = {Markku Turunen and Jaakko Hakulinen and Anssi Kainulainen},
    title = {Evaluation of a Spoken Dialogue System with Usability Tests and Longterm Pilot Studies: Similarities and Differences},
    booktitle = {In Proceedings of Interspeech 2006},
    year = {2006}
}
@MISC{Turunen_designof,
    author = {Markku Turunen and Jaakko Hakulinen and Anssi Kainulainen and Aleksi Melto and Topi Hurtig},
    title = {Design of a Rich Multimodal Interface for Mobile Spoken Route Guidance},
    year = {2007}
}
@article{Pascoe,
    author = {Pascoe, J},
    title = {Adding Generic Contextual Capabilities to Wearable Computers},
    journal = {International Symposium on Wearable Computers},
    year = {1998},
    pages = {92-99},
    volume = {2}
    }

@MISC{Schilit,
    author = {Bill N. Schilit and Marvin M. Theimer},
    title = {Disseminating Active Map Information to Mobile Hosts},
    year = {1994}
}

@inproceedings{Ryan,
  author = {Ryan, N. and Pascoe, J. and Morse, D.},
  editor = {Gaffney, V. and van Leusen, M. and Exxon, S.},
  booktitle = {Computer Applications and Quantitative Methods in Archaeology (CAA
	97), Oxford},
  interhash = {cfbbe9aa62d7acb49ed34505591d690d},
  intrahash = {266bc8e0ae5db3b0e14ab26a9d9604e4},
  title = {Enhanced reality fieldwork: the context-aware archaeological assistant.},
  year = {1997},
  timestamp = {2007-08-19T23:45:11.000+0200},
  keywords = {context},
  added-at = {2007-08-19T23:45:11.000+0200},
}

@INPROCEEDINGS{Dey,
    author = {Anind K. Dey and Gregory D. Abowd},
    title = {Towards a better understanding of context and context-awareness},
    booktitle = {In HUC '99: Proceedings of the 1st international symposium on Handheld and Ubiquitous Computing},
    year = {1999},
    pages = {304--307},
    publisher = {Springer-Verlag}
}


@article{Onebusaway,
    author = {Brian Ferris and Kari Watkins and Alan Borning},
    title = {OneBusAway: Location-aware tools for improving public transit usability},
    journal = {IEEE Pervasive Computing},
    year = {2010}
}

@inproceedings{busstuc,
 author = {Amble, Tore},
 title = {BusTUC: a natural language bus route oracle},
 booktitle = {Proceedings of the sixth conference on Applied natural language processing},
 series = {ANLC '00},
 year = {2000},
 location = {Seattle, Washington},
 pages = {1--6},
 numpages = {6},
 url = {http://dx.doi.org/10.3115/974147.974148},
 doi = {http://dx.doi.org/10.3115/974147.974148},
 acmid = {974148},
 publisher = {Association for Computational Linguistics},
 address = {Stroudsburg, PA, USA},
} 
@INPROCEEDINGS{spectra,
    author = {Jason Flinn and Soyoung Park and M. Satyanarayanan},
    title = {Balancing Performance, Energy, and Quality in Pervasive Computing},
    booktitle = {In Proceedings of the 22nd International Conference on. Distributed Computing Systems},
    year = {2002},
    pages = {217--226}
}

@article{hazas,
 author = {Mike Hazas and James Scott and John Krumm},
 title = {Location-Aware Computing Comes of Age},
 journal = {Computer},
 volume = {37},
 issue = {2},
 month = {February},
 year = {2004},
 issn = {0018-9162},
 pages = {95--97},
 numpages = {3},
 acmid = {1437315},
 publisher = {IEEE Computer Society Press},
 address = {Los Alamitos, CA, USA},
} 

@INPROCEEDINGS{ANN,
author={Kolekar, S.V. and Sanjeevi, S.G. and Bormane, D.S.},
booktitle={Computational Intelligence and Computing Research (ICCIC), 2010 IEEE International Conference on},
title={Learning style recognition using Artificial Neural Network for adaptive user interface in e-learning},
year={2010},
month={dec.},
volume={},
number={},
pages={1 -5},
keywords={Web usage mining;adaptive user interface;artificial neural network;e learning;learning behavior;learning style recognition;machine learning;pedagogical aspect;Internet;computer aided instruction;data mining;feedforward neural nets;human computer interaction;learning (artificial intelligence);user interfaces;},
doi={10.1109/ICCIC.2010.5705768},
ISSN={},}

@MISC{wang,
    author = {Alf Inge Wang and Carl-Fredrik S\o rensen and Steinar Brede and Hege Servold and Sigurd Gimre},
    title = {DEVELOPMENT OF LOCATION-AWARE APPLICATIONS The Nidaros framework},
    year = {2005}
}
@article{raento,
author = {Mika Raento and Antti Oulasvirta and Renaud Petit and Hannu Toivonen},
title = {ContextPhone: A Prototyping Platform for Context-Aware Mobile Applications},
journal ={IEEE Pervasive Computing},
volume = {4},
issn = {1536-1268},
year = {2005},
pages = {51-59},
doi = {http://doi.ieeecomputersociety.org/10.1109/MPRV.2005.29},
publisher = {IEEE Computer Society},
address = {Los Alamitos, CA, USA},
}


@article{vieira,
author = {Vaninha Vieira and Luiz Rodrigo Caldas and Ana Carolina Salgado},
title = {Towards an Ubiquitous and Context Sensitive Public Transportation System},
journal ={International Conference on Ubi-Media Computing},
volume = {0},
isbn = {978-0-7695-4493-9},
year = {2011},
pages = {174-179},
doi = {http://doi.ieeecomputersociety.org/10.1109/U-MEDIA.2011.19},
publisher = {IEEE Computer Society},
address = {Los Alamitos, CA, USA},
}

